@book{garrelsIntroductionLinux2008,
  title = {Introduction to {{Linux}}},
  author = {Garrels, Machtelt},
  year = {2008},
  month = jun,
  edition = {1.27},
  volume = {1},
  publisher = {Online},
  address = {USA},
  urldate = {2025-07-01},
  isbn = {1-59682-112-4},
  langid = {english},
  file = {/home/leveduras/Zotero/storage/8YX6B5QU/intro-linux.pdf}
}

@misc{linuxWhatLinux2025,
  title = {What Is {{Linux}}},
  author = {Linux},
  year = {2025},
  month = jan,
  journal = {Linux},
  urldate = {2025-01-16},
  howpublished = {https://www.linux.com/what-is-linux/},
  langid = {english}
}

@misc{mintInstallationGuide2024,
  title = {Installation {{Guide}}},
  author = {Mint, Linux},
  year = {2024},
  month = dec,
  publisher = {Online},
  urldate = {2025-07-01},
  langid = {english},
  file = {/home/leveduras/Zotero/storage/A6JR7PGC/Installation Guide.pdf}
}

@misc{mintLinuxMintDocumentation2025,
  title = {Linux {{Mint Documentation}}},
  shorttitle = {Documentation},
  author = {Mint, Linux},
  year = {2025},
  month = jan,
  journal = {Documentation},
  urldate = {2025-07-01},
  howpublished = {https://www.linuxmint.com/documentation.php},
  langid = {english}
}

@misc{mintUserGuideLinux2024,
  title = {User {{Guide}}: {{Linux Mint}}},
  author = {Mint, Linux},
  year = {2024},
  month = dec,
  publisher = {Online},
  urldate = {2025-07-01},
  langid = {english},
  file = {/home/leveduras/Zotero/storage/MZ79RI2V/linuxmint-user-guide-readthedocs-io-en-latest.pdf}
}

@book{shottsLinuxCommandLine2024,
  title = {The {{Linux Command Line}}},
  author = {Shotts, William},
  year = {2024},
  month = nov,
  edition = {6},
  volume = {1},
  publisher = {Online},
  urldate = {2025-07-01},
  langid = {english},
  file = {/home/leveduras/Zotero/storage/MFW4K3YA/TLCL-24.11.pdf}
}
